@article{bioc,
  title={Bioconductor: open software development for computational biology and bioinformatics},
  author={Gentleman, R.C. and Carey, V.J. and Bates, D.M. and Bolstad, B. and Dettling, M. and Dudoit, S. and Ellis, B. and Gautier, L. and Ge, Y. and Gentry, J. and others},
  journal={Genome biology},
  volume={5},
  number={10},
  pages={R80},
  year={2004},
  publisher={BioMed Central Ltd}
}

@inproceedings{dabbish2012social,
  title={Social coding in github: transparency and collaboration in an open software repository},
  author={Dabbish, L. and Stuart, C. and Tsay, J. and Herbsleb, J.},
  booktitle={Proceedings of the ACM 2012 conference on Computer Supported Cooperative Work},
  pages={1277--1286},
  year={2012},
  organization={ACM}
}

@Manual{R-project,
  title = {\R: A Language and Environment for Statistical Computing},
  author = {{R Development Core Team}},
  organization = {R Foundation for Statistical Computing},
  address = {Vienna, Austria},
  year = {2012},
  note = {{ISBN} 3-900051-07-0},
  url = {http://www.R-project.org/},
}

@unpublished{cran2deb,
  title = {cran2deb: A fully automated CRAN to Debian package generation system},
  author = {Dirk Eddelbuettel and Charles Blundell},
  url = {https://r-forge.r-project.org/projects/cran2deb/},
  year = {2009},
  note = {Presented at UseR Conference, July 10-12, Rennes}
}

@article{leisch2002sweave,
  title={Sweave. Dynamic generation of statistical reports using literate data analysis.},
  author={Leisch, F.},
  year={2002},
  journal={Report Series SFB "Adaptive Information Systems and Modelling in Economics and Management Science"},
  publisher={SFB Adaptive Information Systems and Modelling in Economics and Management Science, WU Vienna University of Economics and Business},
  url={http://epub.wu.ac.at/1788/1/document.pdf}
}

@article{garzarelli2003capability,
  title={Capability coordination in modular organization: Voluntary FS/OSS production and the case of Debian GNU/Linux},
  author={Garzarelli, G. and Galoppini, R.},
  journal={Free Open Source Research Community},
  volume={11},
  year={2003}
}

@article{fox2009aspects,
  title={Aspects of the Social Organization and Trajectory of the R Project},
  author={Fox, J.},
  journal={The R Journal},
  volume={1},
  number={2},
  pages={5--13},
  year={2009}
}

@Book{ggplot2,
  author = {Hadley Wickham},
  title = {ggplot2: elegant graphics for data analysis},
  publisher = {Springer New York},
  year = {2009},
  isbn = {978-0-387-98140-6},
  url = {http://had.co.nz/ggplot2/book},
}
